@online{NIST, 
    title           =   {NIST Chemistry WebBook},
    year            =   {2011},
    url             =   "http://webbook.nist.gov/chemistry/",
    urldate         =   {2016-05-07}
}