@online{nudat, 
    title           =   {NuDat 2.6},
    url             =   "http://www.nndc.bnl.gov/nudat2/",
    organization    =   {Brookhaven National Laboratory},
    urldate         =   {2016-04-14}
}

@online{nudatCs, 
    title           =   {NuDat Cesium-137},
    url             =   "http://www.nndc.bnl.gov/nudat2/decaysearchdirect.jsp?nuc=137CS&unc=nds",
    organization    =   {Brookhaven National Laboratory},
    urldate         =   {2016-04-14}
}

@online{nudatCo, 
    title           =   {NuDat Cobalt-60},
    url             =   "http://www.nndc.bnl.gov/nudat2/decaysearchdirect.jsp?nuc=60CO&unc=nds",
    organization    =   {Brookhaven National Laboratory},
    urldate         =   {2016-04-14}
}

@article {nist,
	author = {J. H. Hubbell and S. M. Seltzer},
	title = {Tables of X-Ray Mass Attenuation Coefficients and Mass Energy-Absorption Coefficients from 1 keV to 20 MeV for Elements Z = 1 to 92 and 48 Additional Substances of Dosimetric Interest},
	year = {1996},
	publisher = {NIST},
	URL = {http://rsta.royalsocietypublishing.org/content/360/1794/921},
}
